@misc{ apc13,
        author ={Mark D. Ryan and Ben Smyth},
        title  ={Applied pi calculus},
        year   =2013
}

